@article{PDPDef, title={Proofs of Retrievability Based on MRD Codes}, DOI={10.1007/978-3-319-06320-1_25}, journal={Information Security Practice and Experience Lecture Notes in Computer Science}, author={Han, Shuai and Liu, Shengli and Chen, Kefei and Gu, Dawu}, year={2014}, pages={330–345}}
@article{JnK, title={Pors}, DOI={10.1145/1315245.1315317}, journal={Proceedings of the 14th ACM conference on Computer and communications security - CCS 07}, author={Juels, Ari and Kaliski, Burton S.}, year={2007}}
@article{GRRJ, title={Provable data possession at untrusted stores}, DOI={10.1145/1315245.1315318}, journal={Proceedings of the 14th ACM conference on Computer and communications security - CCS 07}, author={Ateniese, Giuseppe and Burns, Randal and Curtmola, Reza and Herring, Joseph and Kissner, Lea and Peterson, Zachary and Song, Dawn}, year={2007}}
@article{YJA, title={Remote Integrity Checking}, DOI={10.1007/1-4020-7901-x_1}, journal={Integrity and Internal Control in Information Systems VI IFIP International Federation for Information Processing}, author={Deswarte, Yves and Quisquater, Jean-Jacques and Saïdane, Ayda}, pages={1–11}}
@article{Paper13, title={Merkle Hash Tree based Techniques for Data
Integrity of Outsourced Data}, journal={http://ceur-ws.org/Vol-1366/paper13.pdf}, author={Muhammad Saqib Niaz, Gunter Saake}, pages={1–13}}
@article{CPR, title={Compact Proofs of Retrievability}, DOI={10.1007/978-3-540-89255-7_7}, journal={Advances in Cryptology - ASIACRYPT 2008 Lecture Notes in Computer Science}, author={Shacham, Hovav and Waters, Brent}, year={2008}, pages={90–107}}
@misc{MHT,[break] url={https://en.wikipedia.org/wiki/Merkle tree},[break] journal={En.wikipedia.org},[break] year={2020}
@misc{RestSdk, title={microsoft/cpprestsdk}, url={https://github.com/microsoft/cpprestsdk}, journal={GitHub}, author={Microsoft}, year={2019}, month={Dec}}
@misc{Pistache, title={oktal/pistache}, url={https://github.com/oktal/pistache}, journal={GitHub}, author={Oktal}, year={2020}, month={Feb}}
@misc{Restbed, title={Corvusoft/restbed}, url={https://github.com/Corvusoft/restbed}, journal={GitHub}, author={Corvusoft}}
@misc{RocksDB, title={A persistent key-value store}, url={https://rocksdb.org/}, journal={RocksDB}}
@misc{BPlusTree, title={Amittai F. Aviram}, url={http://www.amittai.com/}, journal={Amittai F. Aviram : Home Page}}
@book{IntegrityBook, place={Heidelberg}, title={Data and applications security and privacy XXVIII: 28th Annual IFIP WG 11.3 Working Conference, DBSec 2014, Vienna, Austria, July 14-16, 2014: proceedings}, publisher={Springer}, author={Atluri, Vijay and Pernul, G.}, year={2014}}
@misc{SHA,[break] url={https://en.wikipedia.org/wiki/SHA-2},[break] journal={En.wikipedia.org},[break] year={2020}
@misc{SGX,[break] url={https://en.wikipedia.org/wiki/Software Guard Extensions},[break] journal={En.wikipedia.org},[break] year={2020}
@article{PoRHardness, title={Proofs of Retrievability via Hardness Amplification}, DOI={10.1007/978-3-642-00457-5_8}, journal={Theory of Cryptography Lecture Notes in Computer Science}, author={Dodis, Yevgeniy and Vadhan, Salil and Wichs, Daniel}, year={2009}, pages={109–127}}
