@article{PDPDef, 
title={Proofs of Retrievability Based on MRD Codes}, 
DOI={10.1007/978-3-319-06320-1_25}, 
journal={Information Security Practice and Experience Lecture Notes in Computer Science}, 
author={Han, Shuai and Liu, Shengli and Chen, Kefei and Gu, Dawu}, 
year={2014}, 
pages={330–345}
}
@article{JnK, 
title={Pors}, 
DOI={10.1145/1315245.1315317}, 
journal={Proceedings of the 14th ACM conference on Computer and communications security - CCS 07}, 
author={Juels, Ari and Kaliski, Burton S.}, 
year={2007}
}
@article{GRRJ, 
title={Provable data possession at untrusted stores}, 
DOI={10.1145/1315245.1315318}, 
journal={Proceedings of the 14th ACM conference on Computer and communications security - CCS 07}, 
author={Ateniese, Giuseppe and Burns, Randal and Curtmola, Reza and Herring, Joseph and Kissner, Lea and Peterson, Zachary and Song, Dawn}, 
year={2007}
}
@article{DPS, 
author={Filho, Décio and Barreto, Paulo},
year={2006},month = {01},
pages = {150},
title = {Demonstrating Data Possession and Uncheatable Data Transfer},
volume = {2006},
journal = {IACR Cryptology ePrint Archive}
}
@article{YJA, 
title={Remote Integrity Checking}, DOI={10.1007/1-4020-7901-x_1}, 
journal={Integrity and Internal Control in Information Systems VI IFIP International Federation for Information Processing}, author={Deswarte, Yves and Quisquater, Jean-Jacques and Saïdane, Ayda}, 
pages={1–11}
}
@article{Paper13, 
title={Merkle Hash Tree based Techniques for Data Integrity of Outsourced Data}, 
journal={http://ceur-ws.org/Vol-1366/paper13.pdf}, 
author={Muhammad Saqib Niaz, Gunter Saake}, 
pages={1–13}
}
@article{CPR, 
title={Compact Proofs of Retrievability}, 
DOI={10.1007/978-3-540-89255-7_7}, 
journal={Advances in Cryptology - ASIACRYPT 2008 Lecture Notes in Computer Science}, 
author={Shacham, Hovav and Waters, Brent}, 
year={2008}, 
pages={90–107}
}
@misc{MHT, 
title={Merkle hash tree}, 
url={https://en.wikipedia.org/wiki/Merkle_tree},
note={\url{https://en.wikipedia.org/wiki/Merkle_tree}},
journal={En.wikipedia.org},
year={2020}
}
@misc{RestSdk, 
title={Microsoft Restsdk}, 
note={\url{https://github.com/microsoft/cpprestsdk}}, 
journal={GitHub}, 
author={Microsoft}, 
year={2019}, 
month={Dec}
}
@misc{Pistache, 
title={Pistache}, 
note={\url{https://github.com/oktal/pistache}}, 
journal={GitHub}, 
author={Oktal}, 
year={2020}, 
month={Feb}
}
@misc{Restbed, 
title={Restbed}, 
note={\url{https://github.com/Corvusoft/restbed}}, 
journal={GitHub}, 
author={Corvusoft}
}
@misc{RocksDB, 
title={RocksDB: A persistent key-value store}, note={\url{https://rocksdb.org/}}, 
journal={RocksDB}
}
@book{IntegrityBook, place={Heidelberg}, title={Data and applications security and privacy XXVIII: 28th Annual IFIP WG 11.3 Working Conference, DBSec 2014, Vienna, Austria, July 14-16, 2014: proceedings}, publisher={Springer}, author={Atluri, Vijay and Pernul, G.}, year={2014}}
@Book{SHA, 
author={Handschuh, Helena},
editor={van Tilborg, Henk C. A.},
title={SHA Family (Secure Hash Algorithm)},
bookTitle={Encyclopedia of Cryptography and Security},
year={2005},
publisher={Springer US},
address={Boston, MA},
isbn={978-0-387-23483-0},
doi={10.1007/0-387-23483-7_388},
url={https://doi.org/10.1007/0-387-23483-7_388}
}
@misc{SGX,
title={Software Guard Extensions}, 
note={\url{https://software.intel.com/en-us/sgx}}, 
year={2020}
}
@article{PoRHardness, 
title={Proofs of Retrievability via Hardness Amplification}, 
DOI={10.1007/978-3-642-00457-5_8}, 
journal={Theory of Cryptography Lecture Notes in Computer Science}, 
author={Dodis, Yevgeniy and Vadhan, Salil and Wichs, Daniel}, 
year={2009}, 
pages={109–127}
}
@misc{REDIS, 
title={Redis DB, an open-source im-memory store}, url={https://redis.io/}, 
note={\url{https://redis.io/}}, 
journal={Redis}
}
@misc{MCAFEE, 
title={Cloud is Ubiquitous and Untrusted}, 
note={\url{https://www.mcafee.com/blogs/enterprise/cloud-security/cloud-is-ubiquitous-and-untrusted/}}, journal={McAfee Blogs}, 
year={2018}, 
month={May}
}
@article{FDS, author = {Fernandes, Diogo and Soares, Liliana and Gomes, João and Freire, Mario and Inácio, Pedro}, year = {2013}, month = {04}, pages = {},
title = {Security Issues in Cloud Environments - A Survey},
journal = {Int. J. Inf. Secur.: Security in Cloud Computing},doi = {10.1007/s10207-013-0208-7}}
@misc{bbc, 
title={Google loses data as lightning strikes}, note={\url{https://www.bbc.com/news/technology-33989384}}, journal={BBC News}, 
publisher={BBC}, 
year={2015}, 
month={Aug}
}
@misc{dropbox, 
title={Dropbox sync glitch results in lost data for some subscribers}, 
note={\url{https://www.zdnet.com/article/dropbox-sync-glitch-results-in-lost-data-for-some-subscribers/}}, journal={ZDNet}, 
publisher={ZDNet}, 
author={Bott, Ed}, 
year={2014}, 
month={Oct}
}
@misc{Hitrust, 
title={HITRUST Report – U.S. Healthcare Data Breach Trends}, 
url={http://hitrustalliance.net/breach-reports/}, 
note  = {\url{http://hitrustalliance.net/breach-reports/}, Last accessed on 2020-2-13}, journal={HITRUST}}
@misc{BPlusTree, 
title={B+ Tree C implementation}, 
note  = {\url{http://www.amittai.com/}}, 
journal={Amittai F. Aviram : Home Page}
}